<record><leader>01177cam a2200289 I 45 0</leader><controlfield tag="001">6815214</controlfield><controlfield tag="008">150304t20152014nyu           000 1 eng d</controlfield><datafield ind1=" " ind2=" " tag="020"><subfield code="a">9780061656057</subfield></datafield><datafield ind1=" " ind2=" " tag="035"><subfield code="a">ocn904442479</subfield></datafield><datafield ind1=" " ind2=" " tag="040"><subfield code="a">ARDC</subfield><subfield code="b">eng</subfield><subfield code="e">rda</subfield><subfield code="c">ARDC</subfield></datafield><datafield ind1=" " ind2=" " tag="090"><subfield code="a">GRO</subfield><subfield code="b">ARDC</subfield></datafield><datafield ind1="1" ind2=" " tag="100"><subfield code="a">Gross, Andrew,</subfield><subfield code="d">1952-</subfield><subfield code="e">author.</subfield></datafield><datafield ind1="1" ind2="0" tag="245"><subfield code="a">Everything to lose /</subfield><subfield code="c">Andrew Gross.</subfield></datafield><datafield ind1=" " ind2="4" tag="264"><subfield code="a">New York :</subfield><subfield code="b">Harper, an imprint of HarperCollinsPublishers,</subfield><subfield code="c">2015.</subfield></datafield><datafield ind1=" " ind2="4" tag="264"><subfield code="c">&#169;2014</subfield></datafield><datafield ind1=" " ind2=" " tag="300"><subfield code="a">398 pages ;</subfield><subfield code="c">19 cm</subfield></datafield><datafield ind1=" " ind2=" " tag="336"><subfield code="a">text</subfield><subfield code="2">rdacontent</subfield></datafield><datafield ind1=" " ind2=" " tag="337"><subfield code="a">unmediated</subfield><subfield code="2">rdamedia</subfield></datafield><datafield ind1=" " ind2=" " tag="338"><subfield code="a">volume</subfield><subfield code="2">rdacarrier</subfield></datafield><datafield ind1=" " ind2=" " tag="520"><subfield code="a">In the aftermath of Hurricane Sandy, Hilary Blum, a determined but down-on-her-luck single mother caring for a special needs son, becomes entangled in a murderous conspiracy to keep a twenty-year-old secret buried.</subfield></datafield><datafield ind1=" " ind2=" " tag="596"><subfield code="a">35</subfield></datafield><datafield ind1=" " ind2="0" tag="650"><subfield code="a">Murder</subfield><subfield code="x">Investigation</subfield><subfield code="v">Fiction.</subfield></datafield><datafield ind1=" " ind2="0" tag="650"><subfield code="a">Parents of developmentally disabled children</subfield><subfield code="v">Fiction.</subfield></datafield><datafield ind1=" " ind2="0" tag="650"><subfield code="a">Extortion</subfield><subfield code="v">Fiction.</subfield></datafield><datafield ind1=" " ind2="0" tag="650"><subfield code="a">Police</subfield><subfield code="z">New York (State)</subfield><subfield code="z">New York</subfield><subfield code="v">Fiction.</subfield></datafield><datafield ind1=" " ind2="0" tag="651"><subfield code="a">Staten Island (New York, N.Y.)</subfield><subfield code="v">Fiction.</subfield></datafield><datafield ind1=" " ind2=" " tag="926"><subfield code="a">GRO</subfield><subfield code="w">LC</subfield><subfield code="c">1</subfield><subfield code="i">30125302525745</subfield><subfield code="l">PAPERBACKS</subfield><subfield code="m">RED_DEER_C</subfield><subfield code="r">Y</subfield><subfield code="s">Y</subfield><subfield code="t">BOOK</subfield><subfield code="u">3/4/2015</subfield></datafield></record>